@Book{Hogan:2010:H,
author = "Brian P. Hogan",
title = "HTML5 i CSS3: Standardy przyszłości",
publisher = "Helion",
year = "2011",
edition = "I",
isbn = "978-83-246-3028-8"
}
@Book{Schafer:2009:H,
author = "Steven M. Schafer",
title = "HTML, XHTML and CSS Bible",
publisher = "Helion",
year = "2009",
edition = "IV",
isbn = "978-83-246-2023-4"
}
@Book{Negrino:2007:J,
author = "Tom Negrino, Dori Smith",
title = "Po prostu JavaScript i Ajax.",
publisher = "Helion",
year = "2007",
edition = "VI",
isbn = "83-246-0839-7"
}
@Book{Moncur:2007:J,
author = "Michael Moncur",
title = "JavaScript dla każdego",
publisher = "Helion",
year = "2007",
edition = "IV",
isbn = "978-83-246-0766-2"
}
@Book{Castro:2008:H,
author = "Elizabeth Castro",
title = "Po prostu HTML, XHTML i CSS",
publisher = "Helion",
year = "2008",
edition = "VI",
isbn = "978-83-246-0840-9"
}
@TechReport{Berjon:14:H,
  author      = "Robin Berjon and Steve Faulkner and Travis Leithead and Silvia Pfeiffer and Edward O'Connor and Erika Doyle Navara",
  title       = "{HTML5}",
  month       = jul,
  note        = "http://www.w3.org/TR/2014/CR-html5-20140731/",
  year        = "2014",
  bibsource   = "http://w2.syronex.com/jmr/w3c-biblio",
  type        = "Candidate Recommendation",
  institution = "W3C",
}
@TechReport{Etemad:11:CSS,
  author      = "Elika Etemad",
  title       = "Cascading Style Sheets ({CSS}) Snapshot 2010",
  month       = may,
  note        = "http://www.w3.org/TR/2011/NOTE-css-2010-20110512/",
  year        = "2011",
  bibsource   = "http://w2.syronex.com/jmr/w3c-biblio",
  type        = "{W3C} Note",
  institution = "W3C",
}
@TechReport{Nottingam:05:Atom,
  author      = "M. Nottingham, R. Sayre",
  title       = "The Atom Syndication Format",
  month       = december,
  note        = "https://tools.ietf.org/html/rfc4287",
  year        = "2005",
}

@TechReport{Bray:11:XML,
  author      = "Tim Bray",
  title       = "Extensible Markup Language (XML) 1.0 (Fifth Edition)",
  month       = november,
  note        = "http://www.w3.org/TR/2008/REC-xml-20081126/",
  year        = "2008",
  type        = "W3C Recommendation ",
  institution = "W3C",
}

@TechReport{Bray:05:JSON,
  author      = "T. Bray",
  title       = "The JavaScript Object Notation (JSON) Data Interchange Format",
  month       = march,
  note        = "https://tools.ietf.org/html/rfc7159",
  year        = "2014",
}

@Book{McFarland:2012:JS,
author = "David Sawyer McFarland",
title = "JavaScript i jQuery: nieoficjalny podręcznik",
publisher = "Helion",
year = "2012",
edition = "I",
isbn = "978-83-246-5703-2"
}
@Book{Holzner:2008:AJAX,
author = "Steven Holzner",
title = "Ajax. Biblia",
publisher = "Helion",
year = "2008",
edition = "I",
isbn = "978-83-246-1199-7"
}

@Book{Kohan:2012:Obj,
author = "Stephen G. Kochan",
title = "Objective-C Vademecum profesjonalisty",
publisher = "Helion",
year = "2012",
edition = "III",
isbn = "978-83-246-3667-9"
}

@Book{Lassoff:2014:Swift,
author = "Mark A. Lassoff, Tom Stachowitz",
title = "Podstawy języka Swift",
publisher = "Helion",
year = "2016",
edition = "III",
isbn = "978-83-283-1912-9"
}